<record xmlns="http://www.loc.gov/MARC21/slim" xmlns:xsi="http://www.w3.org/2001/XMLSchema-instance" xsi:schemaLocation="http://www.loc.gov/MARC21/slim http://www.loc.gov/standards/marcxml/schema/MARC21slim.xsd"><leader>     nam a22        4500</leader><controlfield tag="001">001700642</controlfield><controlfield tag="003">NNU</controlfield><controlfield tag="006">m        d        </controlfield><controlfield tag="007">cr cn |||m|||a</controlfield><controlfield tag="008">150313s1946    ua      o     000 0 ara d</controlfield><datafield ind1=" " ind2=" " tag="040"><subfield code="a">NNU</subfield><subfield code="b">eng</subfield><subfield code="c">NNU</subfield></datafield><datafield ind1=" " ind2=" " tag="066"><subfield code="c">(3</subfield></datafield><datafield ind1=" " ind2=" " tag="090"><subfield code="a">BP80.I23</subfield><subfield code="b">.I3</subfield></datafield><datafield ind1="1" ind2=" " tag="100"><subfield code="6">880-01</subfield><subfield code="a">Ibn al-&#7778;idd&#299;q, A&#7717;mad,</subfield><subfield code="d">1902-1960</subfield></datafield><datafield ind1="1" ind2="3" tag="245"><subfield code="6">880-02</subfield><subfield code="a">al-Ta&#7779;awwur wa-al-ta&#7779;d&#299;q bi-akhb&#257;r al-Shaykh Sayyid&#299; Mu&#7717;ammad ibn al-&#7778;idd&#299;q</subfield><subfield code="h">[electronic resource] /</subfield><subfield code="c">ta&#700;l&#299;f Ab&#299; al-Fay&#7693; A&#7717;mad ibn Mu&#7717;ammad ibn al-&#7778;idd&#299;q.</subfield></datafield><datafield ind1=" " ind2=" " tag="260"><subfield code="6">880-03</subfield><subfield code="a">Misr :</subfield><subfield code="b">Maktabat al-Kh&#257;nj&#299;,</subfield><subfield code="c">1366 [1947]</subfield></datafield><datafield ind1=" " ind2=" " tag="300"><subfield code="a">online resource (209 p.)</subfield></datafield><datafield ind1=" " ind2=" " tag="500"><subfield code="a">Part of the Arabic Collections Online (ACO) project, contributed by New York Univeristy Libraries.</subfield></datafield><datafield ind1=" " ind2=" " tag="533"><subfield code="a">Electronic reproduction.</subfield><subfield code="b">New York, N.Y. :</subfield><subfield code="c">New York University,</subfield><subfield code="d">2015.</subfield><subfield code="5">NNU</subfield></datafield><datafield ind1="1" ind2="0" tag="600"><subfield code="a">Ibn al-&#7778;idd&#299;q, Mu&#7717;ammad.</subfield></datafield><datafield ind1="2" ind2=" " tag="710"><subfield code="a">New York University.</subfield><subfield code="b">Libraries.</subfield></datafield><datafield ind1="0" ind2=" " tag="730"><subfield code="a">Arabic Collections Online.</subfield></datafield><datafield ind1="0" ind2="8" tag="776"><subfield code="i">Print version:</subfield><subfield code="a">Ibn al-&#7778;idd&#299;q, A&#7717;mad, 1902-1960 880-01</subfield><subfield code="t">al-Ta&#7779;awwur wa-al-ta&#7779;d&#299;q bi-akhb&#257;r al-Shaykh Sayyid&#299; Mu&#7717;ammad ibn al-&#7778;idd&#299;q</subfield><subfield code="w">(NNU)001700642</subfield></datafield><datafield ind1="4" ind2="0" tag="856"><subfield code="u">http://hdl.handle.net/2333.1/rv15dxk1</subfield></datafield><datafield ind1="1" ind2=" " tag="880"><subfield code="6">100-01/</subfield><subfield code="a">&#1575;&#1576;&#1606; &#1575;&#1604;&#1589;&#1583;&#1610;&#1602;&#1548; &#1575;&#1581;&#1605;&#1583;.</subfield></datafield><datafield ind1="1" ind2="2" tag="880"><subfield code="6">245-02/</subfield><subfield code="a">&#1575;&#1604;&#1578;&#1589;&#1608;&#1585; &#1608;&#1575;&#1604;&#1578;&#1589;&#1583;&#1610;&#1602; &#1576;&#1571;&#1582;&#1576;&#1575;&#1585; &#1575;&#1604;&#1588;&#1610;&#1582; &#1587;&#1610;&#1583;&#1609; &#1605;&#1581;&#1605;&#1583; &#1576;&#1606; &#1575;&#1604;&#1589;&#1583;&#1610;&#1602; /</subfield><subfield code="c">&#1578;&#1575;&#1604;&#1610;&#1601; &#1575;&#1576;&#1609; &#1575;&#1604;&#1601;&#1610;&#1590; &#1575;&#1581;&#1605;&#1583; &#1576;&#1606; &#1605;&#1581;&#1605;&#1583; &#1576;&#1606; &#1575;&#1604;&#1589;&#1583;&#1610;&#1602;</subfield></datafield><datafield ind1=" " ind2=" " tag="880"><subfield code="6">260-03/</subfield><subfield code="a">&#1605;&#1589;&#1585; :</subfield><subfield code="b">&#1605;&#1603;&#1578;&#1576;&#1577; &#1575;&#1604;&#1582;&#1575;&#1606;&#1580;&#1609;&#1548;&#1633;&#1635;&#1638;&#1638;[&#1633;&#1641;&#1636;&#1639;]</subfield></datafield><datafield ind1=" " ind2=" " tag="959"><subfield code="a">NNU</subfield><subfield code="b">WEB</subfield><subfield code="c">GENI</subfield><subfield code="t">0</subfield><subfield code="m">Electronic access</subfield><subfield code="s">01</subfield></datafield><datafield ind1=" " ind2=" " tag="999"><subfield code="i">NNU_001700642</subfield><subfield code="s">nyu_aco000631</subfield></datafield></record>